2301 2915
1096 105 1163 155 la

127 278 174 309 eo
201 264 333 315 etim,
361 276 481 317 quem
507 276 614 305 nunc
640 269 872 316 tractamus,
897 263 989 305 loeo
1015 263 1267 305 stamendum
1293 262 1369 304 erit
1401 276 1452 303 ex
1477 262 1738 315 plurimorum
1759 237 1955 315 opinione·
1968 262 2145 303 nuum

121 344 162 379 et
194 335 389 379 Senecam
419 350 499 377 non
536 342 621 377 tum
652 335 872 378 demum-a
910 335 1073 379 Nerone
1104 337 1148 377 in
1178 334 1387 378 consilium
1420 349 1508 377 eme
1540 334 1760 388 adhibitos,
1797 334 1871 382 sed
1910 340 2029 377 antea
2051 336 2144 388 ᾔει

119 410 302 461 sceleris,
334 409 444 462 quod
468 409 725 461 moliebatur,
756 409 880 450 fiiisse
910 423 991 450 non
1020 410 1193 462 ignaros.
1252 408 1381 461 quue
1414 422 1539 461 quum
1570 408 1714 449 Dionis
1747 408 2001 449 confirmatur
2031 409 2143 450 testi-

119 484 251 524 monio
278 484 364 535 (60,
385 484 467 535 12.)
493 489 580 524 tum
605 483 716 537 vulgi
742 483 862 524 etiam
886 483 1103 537 respondet
1127 483 1285 536 ingenio
1312 489 1354 523 et
1377 498 1450 536 per
1475 497 1518 524 se
1546 482 1599 523 ad
1614 482 1812 523 deteriora
1827 483 2002 535 prompti
2025 482 2141 534 (Tac.

118 557 225 600 Anu.
252 555 353 609 XV,
380 556 451 609 64)
478 561 520 598 et
548 556 865 609 potentissimum
897 568 1096 609 quemque
1125 556 1301 597 maxima
1331 555 1480 596 invidia
1511 554 1799 609 persequentis.
1857 555 1948 596 Nec
1972 555 2145 596 defuisse

121 630 295 671 Senecae
321 635 363 671 et
386 629 521 670 Burro
547 629 702 670 invidos
726 630 985 682 inimicosque
1009 629 1125 671 testis
1150 635 1213 670 est
1228 628 1359 669 Tacit.
1376 629 1482 669 Anu.
1503 628 1629 670 XIII.
1650 629 1713 679 18,
1737 629 1804 670 42.
1847 627 1971 680 XIV,
2000 630 2060 669 11.
2078 630 2142 669 52.

119 705 257 755 Atque
282 702 385 744 illud
406 692 550 756 ipsum,
578 703 687 755 quod
711 688 836 755 Nero,
862 703 1101 755 simulatque
1127 703 1279 743 audivit
1303 703 1455 743 frustra
1479 703 1641 743 caedem
1666 703 1808 743 matris
1833 714 1922 743 esse
1937 708 2141 753 tentatam,

120 776 194 818 hos
227 775 477 829 potissimum
513 775 658 816 accivit
690 775 818 829 viros,
854 789 1000 830 augere
1032 775 1167 829 potius
1197 789 1320 828 quam
1355 775 1532 817 minuere
1568 774 1687 818 debet
1724 774 1836 816 illam
1865 774 2143 829 suspicionem,

120 849 354 906 praesertim
380 861 504 900 quum
531 849 572 887 in
588 848 761 888 Neronis
787 849 966 888 oratione
991 849 1236 900 insidiarum,
1263 862 1366 900 quas
1391 849 1510 887 matri
1534 849 1736 898 struxerit,
1762 849 1875 888 nulla
1887 848 1962 887 fiat
1985 849 2145 895 mentio,

121 922 278 963 Burrus
311 928 444 963 autem
477 927 518 963 et
548 920 702 963 Seneca
740 922 798 962 ita
831 927 955 975 agunt
988 927 1028 963 et
1066 921 1301 975 loquuntur,
1340 927 1387 963 ut
1419 922 1594 963 omnium
1626 922 1740 976 gnari
1769 921 1895 964 fuisse
1924 920 2145 963 videantur.

32 1035 41 1044 ,
120 996 249 1049 Atqui
267 995 377 1036 aliud
393 1000 467 1048 est,
494 1008 610 1036 nosse
627 994 780 1036 nefaria
796 994 989 1049 principis
1005 986 1182 1048 consilia,
1211 994 1320 1036 aliud
1337 994 1528 1049 probare:
1554 995 1685 1037 neutri
1711 1000 1842 1037 autem
1867 1009 1917 1037 ea
1933 995 2146 1049 placuisse,

123 1068 220 1130 quid
252 1069 384 1110 dicere
425 1068 563 1109 attinet
603 1069 643 1108 in
675 1068 824 1109 talibus
867 1068 985 1110 viris?
1025 1068 1133 1109 Hinc
1172 1069 1336 1123 longum
1373 1069 1492 1109 etiam
1533 1069 1740 1121 utriusque
1777 1069 1994 1121 silentium,
2038 1069 2146 1120 quod

122 1143 296 1185 Neronis
323 1150 535 1196 exceperat
563 1143 694 1194 verba,

1009 1271 1257 1280 mm.»-

857 1407 1047 1463 Διιιι.
1084 1405 1253 1463 XV.
1289 1405 1419 1464 35.

504 1532 564 1581 „J
565 1533 646 1571 ussi
681 1539 933 1572 accusatores
967 1532 1138 1583 objicere
1170 1532 1383 1584 prodigum
1415 1531 1690 1584 largitionibus
1723 1545 1850 1583 neque
1883 1532 2000 1570 aliam
2035 1546 2146 1584 spem

379 1619 499 1658 quam
535 1605 575 1645 in
603 1604 722 1646 rebus
757 1604 871 1646 novis
904 1617 1002 1646 esse.
1052 1602 1165 1656 Quin
1197 1618 1287 1646 eum
1312 1602 1466 1645 nobiles
1492 1603 1658 1658 habere,
1689 1618 1792 1658 quos
1825 1603 1876 1645 ab
1902 1603 2081 1658 epistolis
2106 1610 2148 1645 et

379 1678 522 1718 libellis
549 1685 588 1718 et
615 1678 835 1718 rationibus
864 1678 1050 1730 appellet,
1075 1677 1237 1717 nomina
1262 1669 1440 1718 summae
1466 1691 1586 1717 curae
1611 1683 1651 1718 et
1675 1678 1988 1720 meditamenta!

315 1782 416 1822 Cod.
443 1782 554 1822 Med.
582 1784 665 1835 qui
691 1797 747 1823 ne
772 1781 1026 1823 innobiles.
1078 1781 1196 1823 Haec
1226 1796 1358 1836 pauca
1391 1782 1566 1824 Medieei
1596 1782 1720 1824 verba
1750 1787 1904 1823 tantam
1929 1784 2015 1835 jam
2040 1783 2147 1823 exci-

128 1862 312 1897 taverunt
334 1857 650 1908 conjecturarum
671 1855 829 1907 nubem,
855 1862 901 1896 ut
926 1856 1069 1896 mirum
1094 1870 1176 1896 non
1197 1855 1392 1908 videatur,
1420 1857 1453 1898 si
1480 1856 1570 1908 quis
1595 1856 1701 1897 viam
1724 1870 1918 1909 quaerens
1943 1856 1996 1897 ad
2011 1870 2148 1897 veram

127 1928 260 1970 Taciti
292 1929 531 1982 scripturam
561 1928 750 1971 ferentem
783 1929 957 1970 incertus
989 1928 1214 1982 dubiusque
1244 1928 1420 1972 haereat.
1479 1928 1577 1971 Sed·
1592 1943 1673 1984 quo
1707 1928 1939 1971 obscuriora
1963 1934 2074 1981 sunt,
2108 1929 2149 1970 in

126 2002 274 2054 quibus
301 2003 486 2055 versaris,
514 2017 562 2044 eo
588 2002 745 2043 facilius
766 2002 916 2044 erranti
941 2002 1102 2043 dabitur
1127 2003 1255 2044 venia.
1308 2002 1434 2044 Haud
1451 2008 1681 2045 cunctanter
1704 2003 1826 2057 igitur
1851 2003 1953 2044 hanc
1970 2003 2150 2055 corrupti

125 2075 205 2116 loci
231 2090 412 2130 propono
440 2076 769 2117 emendationem

416 2171 535 2223 „quin
562 2176 602 2211 et
627 2170 847 2211 innotuisse
872 2170 1033 2222 habere,
1061 2183 1165 2224 quos
1191 2170 1243 2211 ab
1270 2170 1449 2224 epistolis
1476 2192 1526 2199 —
1554 2193 1605 2200 —
1632 2171 1840 2224 appellet.“

126 2264 264 2324 Quam
290 2267 478 2317 frequens
502 2265 789 2319 particularum
822 2265 937 2317 quin
969 2271 1018 2306 et
1053 2265 1162 2318 apud
1194 2265 1377 2306 Tacitum
1403 2266 1456 2306 sit
1480 2279 1597 2318 usus,
1629 2255 1680 2306 ex
1705 2265 1769 2307 his
1788 2267 1875 2318 jam
1900 2266 2036 2307 videre
2062 2266 2157 2307 licet

123 2338 246 2381 locis:
288 2340 393 2381 Ann-
420 2338 484 2393 11,
510 2339 574 2381 21.
602 2338 657 2389 V,
683 2339 721 2381 2.
749 2338 827 2390 VI,
853 2340 919 2381 24.
953 2337 1062 2393 XII,
1088 2338 1127 2381 5.
1156 2339 1218 2381 13.
1245 2339 1308 2380 57.
1340 2337 1471 2393 ΧΙΠ,
1497 2338 1535 2380 5.
1565 2338 1627 2380 13.
1654 2338 1720 2380 27.
1754 2338 1880 2395 XIV,
1908 2340 1971 2382 15.
1996 2339 2063 2382 26.
2089 2339 2155 2398 58·

109 2410 226 2462 XV,
254 2413 316 2452 18.
344 2413 408 2453 58.
436 2413 500 2454 65.
527 2411 651 2465 XVI,
677 2414 716 2453 3.
743 2414 808 2454 22.
835 2413 943 2454 Hist.
970 2412 1029 2465 11,
1056 2413 1121 2453 88.
1139 2414 1203 2454 95.
1230 2412 1309 2465 111,
1334 2413 1399 2453 39.
1416 2413 1482 2453 47.
1499 2412 1564 2453 58.
1590 2413 1670 2466 IV,
1696 2414 1762 2455 37.
1788 2414 1845 2465 V,
1874 2415 1937 2456 19.
1975 2414 2157 2456 Verbum

107 2486 430 2529 'innotescere
462 2486 608 2541 legitur
646 2486 754 2529 Hist.
793 2485 873 2539 IV,
905 2487 970 2528 50.
1034 2485 1108 2530 Or.
1141 2487 1203 2528 10.
1237 2491 1462 2529 enotescere
1500 2485 1609 2529 Hist.
1642 2485 1730 2541 ΙΠ,
1769 2488 1840 2540 34ς
1878 2494 2158 2543 pernoteseere

125 2560 296 2613 saepius.
348 2559 576 2601 Pronomen
603 2573 706 2601 eum
733 2566 824 2601 ante
849 2560 998 2602 habere
1022 2560 1215 2601 neminem
1240 2564 1342 2613 puto>
1366 2559 1701 2611 desideraturum3
1729 2567 1770 2603 et
1793 2562 2022 2615 libertos,
2048 2563 2158 2615 quod

123 2632 300 2674 nonnulli
332 2646 408 2687 pro
441 2639 633 2687 corrupta
666 2647 763 2675 voce
795 2633 989 2676 nobiles
1020 2634 1061 2675 in
1091 2639 1245 2675 textum
1276 2640 1530 2688 receperunt,
1565 2649 1692 2688 aeque
1717 2648 2057 2690 supervacaneum
2082 2643 2157 2689 est,

127 2717 249 2758 quum
276 2705 428 2749 libertis
444 2706 625 2749 mandari
642 2706 814 2750 solerent
840 2721 899 2758 ea,
928 2721 1032 2761 quae
1049 2712 1420 2762 commemorantur,
1447 2708 1639 2764 principis
1664 2709 1895 2752 ministeria.
1948 2708 2159 2764 Scriptura
