2301 2915
121 278 396 332 prupouitum
435 277 537 319 illud
567 277 801 318 incertum
842 289 898 315 an
936 289 1015 315 non
1048 273 1260 324 concedat,
1293 272 1360 312 alii
1393 271 1501 313 hanc
1530 271 1769 326 particulam
1791 271 2050 324 efficiendam,
2076 271 2153 352 alii

122 353 318 404 ignaro·
343 351 388 392 in
413 353 596 405 'gnaros
628 350 859 390 mutandam
886 362 972 389 esse
999 352 1248 388 censuerunt.
1301 345 1409 386 Mihi
1435 345 1687 387 scribendum
1713 345 1887 386 videtur.
2147 364 2150 366 ’

665 469 788 507 „quos
815 453 949 494 statim
977 454 1176 493 acciverat
1201 466 1273 492 nec
1301 457 1393 493 ante
1418 452 1615 506 ignaros!

124 562 264 603 Facile
302 563 406 603 enim
451 576 477 601 n
515 561 646 600 littera
678 564 842 612 propter
875 558 1041 599 eandem
1073 558 1114 597 in
1159 558 1237 597 fine
1272 556 1539 598 antecedentis
1571 557 1684 598 vocis
1716 557 1891 611 positam
1923 571 1948 598 a
1979 556 2151 599 librarii·

125 636 256 677 omitti
281 640 455 689 poterat;
484 647 563 686 quo
589 633 696 673 facto
723 631 822 685 quid
849 632 1010 684 mirum,
1045 631 1078 671 si
1105 645 1152 671 es
1179 631 1219 670 in
1246 636 1293 671 et
1319 636 1517 671 mutatum
1543 630 1629 671 est?
1663 630 1813 672 Similis
1840 630 1932 671 huic
1967 629 2059 671 loco
2090 637 2152 672 est
2179 628 2185 631 ¹

123 710 230 748 Anu.
264 708 343 747 111.
370 708 434 747 29.
484 706 567 746 Sed
593 719 720 756 neque
752 711 838 744 tum
865 705 988 746 fuisse
1023 703 1305 754 dubitaverim,
1341 704 1412 754 qui
1444 704 1639 755 ejusmodi
1663 718 1804 756 preces
1838 703 1985 744 occulti
2010 702 2151 744 illude—

125 788 225 822 rent.
279 782 396 821 Illam
422 786 552 820 autem
578 779 736 819 dicendi
762 780 975 829 rationem,
1003 791 1084 829 qua
1111 777 1262 828 aliquid
1288 777 1345 817 ita
1372 776 1606 829 affirmatur,
1633 782 1678 817 ut
1703 782 1871 830 negetur
1896 777 2151 829 contrarium,

127 853 236 909 apud
260 852 443 894 Tacitum
470 864 629 905 quoque
657 864 744 892 esse
771 850 1147 904 frequentissimam,
1174 849 1308 890 multis
1335 848 1432 902 illis,
1460 862 1564 902 quos
1591 849 1746 902 notavi,
1781 848 1882 890 locis
1914 849 2032 890 facile
2056 863 2151 903 pos·-

128 942 215 969 sum
233 926 458 969 ostendere.

315 1021 345 1060 J
347 1036 410 1060 am
436 1035 530 1061 vero
565 1026 676 1071 sunt,
704 1020 851 1072 quibus
883 1020 982 1060 haec
1015 1019 1093 1059 loci
1127 1019 1398 1072 interpretatio
1425 1024 1640 1072 propterea
1671 1018 1852 1059 videatur
1877 1019 2153 1072 improbanda,

127 1096 236 1149 quod
268 1095 406 1136 talium
432 1094 628 1145 virorum,
663 1093 803 1147 quales
830 1099 943 1140 erant
967 1093 1123 1135 Burrus
1151 1099 1191 1134 et
1217 1092 1389 1146 Seneca,
1419 1093 1548 1134 minus
1575 1092 1738 1147 dignum
1765 1092 1817 1134 sit
1841 1091 2086 1147 nominibus,
2119 1093 2153 1134 si

124 1170 264 1209 nefarii
297 1169 473 1208 Neronis
498 1168 661 1217 :consilii
687 1170 771 1220 jam
800 1173 889 1207 ante
921 1168 1044 1208 fuisse
1076 1168 1259 1207 dicantur
1292 1168 1451 1207 conscii.
1510 1166 1588 1206 His
1615 1167 1847 1219 priusquam
1879 1167 2153 1219 respondeam,

125 1257 256 1296 pauca
295 1242 345 1282 de
379 1242 666 1295 significatione
699 1241 883 1282 dictionis
914 1242 1147 1282 incertum
1182 1255 1237 1280 an
1272 1240 1369 1281 mihi
1402 1240 1586 1281 videntur
1618 1240 1918 1294 praemittenda.
1972 1239 2087 1293 Loci,
2113 1241 2154 1281 in

127 1316 273 1368 quibus
299 1315 467 1355 Tacitus
493 1315 570 1354 hac
593 1314 765 1353 formula
791 1328 887 1354 usus
915 1320 993 1365 est,
1022 1314 1062 1353 hi
1088 1314 1171 1354 fere
1199 1320 1308 1354 sunt:
1348 1315 1454 1353 Ann.
1482 1313 1543 1364 V,
1572 1315 1608 1353 l.
1662 1313 1767 1353 Exin
1795 1312 1946 1355 Caesar
1972 1315 2156 1367 cupidine

123 1392 277 1429 formae
320 1390 450 1428 aufert
485 1389 648 1438 marito,
689 1389 882 1427 incertum
905 1402 970 1443 *an
1012 1388 1188 1426 invitam.
1243 1386 1318 1438 VI,
1353 1387 1416 1426 50.
1471 1387 1616 1438 Neque
1647 1387 1806 1439 fefellit,
1845 1402 1939 1427 nam
1970 1388 2155 1428 Tiberius

124 1465 317 1504 incertum
353 1477 403 1502 an
439 1460 614 1503 offensus
647 1466 842 1513 tantoque
880 1460 1010 1514 magis
1044 1460 1144 1501 iram
1176 1474 1378 1514 premens,
1404 1459 1619 1502 instaurari
1653 1459 1792 1514 epulas
1819 1454 1945 1515 Jubet.
1982 1459 2061 1502 XI.
2092 1462 2153 1503 18.

125 1537 241 1588 Quae
258 1536 380 1575 nimia
397 1540 437 1575 et
463 1524 655 1574 incertum
675 1548 724 1573 an
742 1534 857 1585 falso,
879 1535 991 1586 jacta
1015 1534 1205 1586 originem
1223 1540 1356 1573 tamen
1382 1548 1404 1573 e
1431 1534 1641 1573 severitate
1659 1535 1773 1574 ducis
1789 1539 1956 1574 travere.
1982 1535 2064 1586 XI,
2090 1537 2153 1575 22.

125 1611 347 1662 Postquam
374 1609 582 1649 tormentis
616 1608 901 1659 dilaniabatur,
935 1608 984 1648 de
1017 1623 1060 1648 se
1086 1623 1166 1647 non
1191 1608 1382 1648 infitiatus
1410 1608 1592 1648 conscios
1618 1623 1697 1648 non
1724 1608 1859 1661 edidit,
1886 1609 2078 1649 incertum
2106 1624 2156 1650 an

126 1682 344 1724 occultans.
371 1681 471 1722 XV.
499 1681 563 1722 64.
618 1680 886 1721 Hortantibus
918 1680 1108 1721 militibus
1143 1680 1247 1721 servi
1279 1680 1530 1734 libertinique
1558 1680 1737 1735 obligant
1763 1681 1946 1736 brachia,
1973 1689 2157 1735 premunt

126 1757 375 1811 sanguinem,
408 1757 603 1796 incertum
639 1770 689 1793 an
725 1755 895 1806 ignarae.
952 1755 1058 1794 Hist.
1088 1754 1119 1793 Ι.
1149 1756 1211 1794 23.
1269 1752 1349 1794 Se'd
1377 1755 1538 1795 sceleris
1571 1756 1761 1808 cogitatio
1793 1756 1984 1796 incertum
2018 1771 2069 1796 an
2094 1771 2156 1797 re·

107 1846 236 1884 pens.
290 1829 324 1870 I.
354 1829 418 1870 75.
473 1828 528 1868 Et
555 1829 666 1869 stetit
692 1828 834 1867 domus
861 1834 1048 1880 utraque,
1077 1827 1150 1867 sub
1180 1827 1340 1868 Othone
1367 1828 1558 1868 incertum
1588 1843 1638 1867 an
1664 1834 1789 1868 metu:
1817 1828 2004 1870 Vitellius
2029 1830 2157 1870 victor

126 1904 354 1945 clementiae
388 1902 558 1957 gloriam
592 1901 695 1942 tulit.
750 1901 856 1941 Ann.
885 1900 917 1941 1.
946 1902 982 1941 5.
1039 1900 1220 1941 Gnarum
1254 1901 1295 1941 id
1330 1900 1513 1951 Caesari;
1541 1915 1669 1954 neque
1694 1902 1819 1942 multo
1845 1907 1940 1956 post
1964 1903 2157 1945 exstincto

127 1978 324 2029 Maximo,
359 1977 525 2016 dubium
560 1990 610 2014 an
643 1975 827 2027 quaesita
860 1980 1007 2025 morte,
1042 1974 1200 2014 auditos
1232 1975 1273 2014 in
1305 1975 1442 2015 funere
1477 1976 1561 2027 ejus
1599 1974 1782 2028 Macciae
1815 1976 2004 2030 gemitus,
2038 1977 2157 2019 semel

126 2052 354 2103 incusantis,
382 2049 492 2103 quod
520 2064 643 2089 causa
670 2048 777 2088 exitii
811 2049 953 2087 marito
986 2048 1137 2088 fuisset.
1193 2047 1343 2089 Omnes
1370 2049 1443 2089 hos
1474 2049 1598 2101 locos,
1632 2049 1666 2090 si
1693 2049 1783 2102 quis
1816 2050 2043 2091 accuratius
2067 2065 2158 2105 per-

127 2125 318 2177 spexerit,
360 2124 635 2163 confirmatam
675 2123 846 2161 inveniet
873 2121 1076 2161 Waltheri
1115 2123 1361 2171 sententiam,
1404 2124 1472 2175 qui
1515 2123 1728 2162 formulam
1768 2124 2005 2164 incertum
2043 2139 2101 2164 an
2133 2139 2160 2164 a

128 2198 269 2239 Tacito
303 2197 398 2251 poni
430 2196 544 2249 dicit,
581 2201 626 2236 ut
658 2196 923 2249 suspicionem
959 2194 1052 2236 falsi
1085 2201 1243 2236 moveat
1278 2203 1417 2237 contra
1450 2191 1674 2250 opinionem
1707 2196 1968 2250 plurimorum
2001 2203 2041 2239 et
2070 2197 2157 2239 vul-

130 2285 274 2324 garem.
327 2270 377 2310 Id
410 2284 488 2323 que
521 2270 693 2309 maxime
728 2275 896 2322 apparet
927 2283 976 2309 ex
1008 2270 1115 2309 Ann.
1142 2269 1265 2322 XIV,
1293 2270 1355 2310 51.
1416 2269 1624 2310 Concessit
1658 2270 1739 2310 vita
1765 2267 1939 2322 Bu'rrus,
1965 2271 2160 2312 incertum

134 2345 364 2388 valetudine⁴
391 2359 440 2385 an
467 2360 633 2396 veneno,
668 2345 737 2384 ubi
770 2344 899 2385 addit:
945 2344 1080 2396 plures
1108 2346 1224 2397 jussu
1260 2345 1452 2394 Neronis,
1488 2346 1603 2398 quasi
1641 2344 1857 2386 remedium
1891 2345 2160 2398 adhiberetur,

131 2418 272 2458 illitum
306 2417 482 2470 palatum
517 2419 601 2470 ejus
634 2418 755 2457 noxio
790 2418 1049 2458 medicamine
1084 2418 1385 2470 asseverabant,
1426 2425 1466 2458 et
1492 2433 1542 2458 ex
1563 2418 1668 2458 Ann.
1697 2417 1796 2458 XV.
1824 2419 1897 2472 64,
1929 2418 2000 2459 ubi
2025 2418 2161 2460 verbi·

131 2506 254 2544 supra
275 2493 359 2543 jam
387 2491 516 2532 allatis
543 2492 670 2532 addit:
699 2507 792 2531 nam
819 2507 898 2531 non
923 2492 1104 2543 defuere,
1132 2493 1201 2544 qui
1228 2492 1451 2544 crederent,
1486 2492 1613 2533 donec
1639 2492 1932 2545 implacabilem
1958 2493 2159 2535 Neronem

129 2564 317 2615 timuerit,
341 2563 487 2604 famam
518 2565 691 2606 sociatae
718 2579 809 2605 cum
836 2565 979 2605 marito
1006 2565 1146 2606 mortis
1165 2566 1366 2619 petivisse,
1394 2565 1534 2607 deinde
1561 2565 1700 2607 oblata
1724 2566 1881 2607 mitiore
1908 2580 1980 2620 spe
2005 2551 2160 2607 blandi-

130 2639 273 2678 mentis
307 2638 412 2678 vitae
452 2638 638 2686 evictam;
677 2639 824 2690 quibus
856 2638 989 2679 verbis
1029 2653 1193 2679 causam
1234 2639 1369 2691 affert,
1403 2653 1476 2679 cur
1510 2654 1590 2679 non
1622 2640 1705 2680 sine
1740 2639 1877 2691 aliqua
1914 2639 2161 2680 dubitatione

130 2713 354 2765 opinionem
393 2695 603 2751 indiderit
641 2711 913 2763 plurimorum.
984 2711 1185 2772 waltheri
1224 2713 1346 2766 igitur
1384 2713 1589 2755 sententia
1618 2727 1693 2766 pro
1731 2712 1989 2754 fundamento
2030 2713 2162 2768 posita
