2301 2915
1108 110 1111 112 ·
1125 90 1161 133 4

132 250 263 291 adhuc
290 254 466 289 tentatae
493 252 597 296 sunt,
625 244 857 287 emendandi
882 243 1102 283 rationibus
1128 255 1211 282 una
1234 242 1317 295 illa,
1345 255 1426 295 qua
1446 242 1640 282 vocabulo
1667 243 1909 282 hominum
1934 244 1977 283 in
2002 243 2156 284 domi·

130 338 238 363 num
263 328 419 362 mutato
448 321 658 374 legendum
698 324 775 358 est:
818 317 1002 357 redderet
1031 317 1114 356 filio
1141 316 1429 365 sacerdotium,
1456 316 1677 368 dominum,
1711 321 1794 355 tam
1827 330 1955 368 prope
1987 317 2156 370 vestigia

131 397 311 449 sequitur
329 394 501 448 exempli
516 391 734 434 Flore-utini
755 397 917 442 tamque
944 389 996 430 ad
1013 403 1171 431 sensum
1187 388 1347 430 videtur
1363 394 1472 442 apta,
1489 394 1535 430 ut
1559 388 1794 446 palmariam
1812 403 1900 431 eam
1921 388 2155 443 judicarem,

132 470 166 510 si
199 469 377 522 aliquae,
412 480 516 520 quae
546 465 641 505 mihi
677 464 841 503 obortae
874 467 982 515 sunt,
1016 462 1210 502 removeri
1241 467 1407 515 possent
1440 461 1719 503 dubitationes.
1774 462 1887 515 Quas
1921 462 1955 503 si
1987 463 2157 517 ingenue

133 543 353 595 proferam,
385 554 486 592 pace
511 539 553 578 id
577 538 664 577 fieri
696 537 814 576 velim
841 536 1016 576 auctoris
1043 535 1263 576 clarissimi.
1316 535 1497 575 Primum
1524 536 1647 587 enim,
1679 536 1721 576 id
1748 536 1857 592 quod
1884 536 1935 576 ab
1962 536 2050 576 aliis
2071 536 2157 588 jam

133 621 197 659 est
220 619 417 664 nonaum,
442 612 485 652 in
508 611 586 651 hac
611 608 785 649 Arminii
810 609 1009 660 oratione,
1042 621 1165 661 quam
1188 607 1365 661 probris
1379 608 1568 649 refertam
1591 608 1752 656 fuisse
1731 622 1829 668 ιριε
1853 608 1967 674 dici}
1977 606 2156 668 Tamtu,

131 683 372 728 vocabulum
398 681 560 726 offendit
592 679 918 723 sacerdotium
943 686 1028 721 tam
1050 680 1156 722 nude
1171 680 1364 734 positum,
1392 678 1731 735 desideraturque
1744 661 1914 736 aliquid,
1941 673 2072 736 q'nod
2072 668 2157 723 rein

134 776 206 814 per
245 775 287 801 se
324 761 454 812 ipsam
491 761 721 808 contemptu
764 755 872 795 haud
912 755 1094 807 dignam,
1134 750 1338 807 indignam
1384 754 1527 795 reddat
1565 755 1693 796 libero
1726 755 1940 796 Germano.
2001 754 2156 795 Deinde

133 833 353 886 asyndeton
378 830 475 871 illud
501 828 781 879 sacerdotium,
808 827 1024 879 dominum,
1041 827 1151 867 haud
1169 827 1252 886 scio
1271 841 1322 867 an
1347 826 1446 867 nulli
1462 841 1612 880 eorum,
1640 842 1744 880 quae
1769 828 1891 883 vulgo
1917 832 2156 880 statuuntur,

135 906 274 959 subjici
301 904 427 958 possit
450 902 596 956 generi.
651 901 760 941 Nam
777 914 906 953 neque
933 900 1134 940 contraria
1159 905 1251 940 sunt
1276 900 1376 941 haec
1395 900 1603 954 vocabula,
1629 914 1759 954 neque
1779 900 1891 953 talia,
1917 907 1963 941 ut
1989 900 2157 941 alterum

135 980 297 1019 alterius
329 976 518 1017 inserviat
552 974 826 1027 explicationi,
859 987 990 1024 neque
1023 972 1083 1012 ita
1108 978 1254 1013 natura
1276 973 1441 1025 similia,
1467 979 1514 1013 ut
1539 988 1588 1014 ex
1616 974 1742 1014 altero
1769 975 1821 1014 ad
1848 969 2015 1015 alterum
2042 975 2157 1025 quasi

133 1052 283 1105 gradus
322 1049 485 1102 quidam
519 1048 612 1099 fiat,
652 1061 783 1099 neque
814 1046 928 1087 locus
954 1046 1012 1086 ita
1045 1051 1321 1099 comparatus,
1362 1052 1427 1098 ut,
1469 1060 1593 1099 quum
1633 1046 1752 1100 plura
1793 1047 1969 1100 ejusdem
2002 1048 2158 1101 generis

132 1135 442 1164 commemorare
481 1119 659 1174 potuerit
697 1119 924 1171 Arminius,
961 1118 1003 1158 in
1035 1118 1192 1183 duobus
1225 1118 1289 1159 his
1323 1117 1532 1186 afferendis
1575 1119 1821 1171 acquievisse
1858 1120 2061 1172 putandus
2094 1121 2155 1160 sit.

135 1197 318 1248 Denique
345 1194 615 1244 concinnitati,
650 1194 763 1245 cujus
790 1192 976 1232 Tacitum
1001 1180 1128 1243 quum
1151 1193 1194 1231 in
1218 1192 1308 1232 aliis
1331 1193 1466 1245 operis
1493 1193 1555 1232 sui
1576 1193 1780 1245 partibus,
1811 1198 1896 1233 tum
1922 1194 2092 1234 maxime
2117 1194 2159 1233 in

132 1269 381 1311 orationibus
413 1272 572 1308 constat
606 1280 693 1307 esse
727 1265 1079 1317 studiosissimum,
1111 1265 1154 1306 id
1186 1265 1317 1307 minus
1347 1265 1504 1306 videtur
1528 1266 1787 1327 respondere,
1815 1266 1941 1319 quod,
1970 1280 2092 1319 quum
2118 1266 2158 1306 in

133 1344 264 1396 priore
291 1340 571 1384 enuntiationis
588 1339 765 1381 membro
792 1352 915 1379 unum
940 1344 1095 1379 tantum
1114 1352 1204 1379 cum
1231 1337 1423 1379 attributo
1450 1352 1524 1380 suo
1550 1338 1602 1380 sit
1619 1338 1831 1392 objectum,
1856 1339 1899 1385 in
1926 1339 2051 1381 altero
2077 1339 2157 1380 duo

125 1419 212 1466 jam
242 1416 426 1467 legantur
459 1427 586 1465 eaque
619 1413 738 1464 plane
771 1413 874 1452 inter
910 1426 952 1452 se
983 1411 1152 1452 diversa.
1226 1410 1373 1452 Omnia
1405 1411 1504 1452 haec
1536 1412 1788 1452 incommoda
1828 1412 2003 1454 amoveri
2039 1426 2158 1464 posse

137 1488 320 1539 arbitror,
353 1487 389 1528 si
419 1485 748 1539 interpunctionis
788 1484 921 1538 signo,
956 1484 1065 1536 quod
1097 1489 1158 1525 est
1188 1484 1290 1525 inter
1321 1471 1654 1526 sacerdotium
1691 1490 1733 1526 et
1764 1483 1966 1526 dominum
2000 1485 2158 1527 sublato

125 1562 240 1601 -banc
272 1559 504 1612 posterioris
545 1558 713 1599 nominis
745 1558 915 1597 formam
946 1570 1027 1597 non
1061 1557 1333 1598 accusativum
1368 1557 1596 1610 singularis,
1635 1558 1706 1599 sed
1738 1558 1955 1611 genitivum
1991 1558 2159 1611 pluralis

137 1625 292 1674 numeri
323 1618 411 1673 esse
443 1635 721 1680 statueremus3
761 1629 931 1682 talisque
970 1628 1245 1683 interpretatio
1277 1629 1319 1670 id
1349 1628 1540 1670 'habitura
1572 1635 1677 1672 esset
1709 1630 1994 1684 excusationis,
2037 1630 2158 1684 quod,

137 1719 381 1759 quamquam
413 1704 531 1745 certis
565 1703 803 1755 quibusdam
835 1703 980 1743 finibus
1012 1704 1336 1755 circumscriptus
1376 1710 1437 1744 est
1470 1718 1607 1745 eorum
1652 1705 1862 1745 verborum
1886 1692 2101 1758 numerus,
2119 1707 2160 1746 in

137 1779 284 1831 quibus
309 1776 481 1817 Romani
516 1776 677 1816 concisa
709 1775 786 1815 hac
817 1775 880 1815 usi
914 1781 1006 1815 sunt
1039 1775 1201 1828 genitivi
1226 1774 1374 1828 forma,
1407 1775 1665 1817 insolentiora
1697 1777 1817 1830 apud'
1834 1776 2021 1817 Tacitum
2051 1771 2161 1818 haud

134 1865 265 1905 pauca
281 1851 545 1902 inveniuntur,
566 1855 686 1901 atque
704 1848 878 1902 vulgatis
902 1847 1020 1901 hujus
1037 1848 1190 1890 formae
1208 1848 1411 1903 exemplis,
1430 1848 1586 1903 deum,
1610 1849 1836 1903 liberum,
1861 1850 2160 1915 quindecim-

134 1927 308 1976 virum,
342 1936 598 1973 nummum,
632 1922 772 1963 duum
806 1936 929 1962 unum
969 1921 1062 1962 addi
1094 1924 1229 1975 potest
1258 1928 1526 1976 posterum
1547 1924 1671 1976 (Ann.
1705 1922 1784 1965 111.
1814 1924 1888 1976 72)
1923 1924 2033 1977 quod
2067 1912 2162 1965 alibi

133 2009 330 2051 nusquam
363 2011 427 2038 me
458 1997 590 2050 legere
615 1996 787 2036 memini.
832 1994 914 2035 Sed
946 1996 1175 2047 conjectura
1213 2009 1359 2049 augere
1385 1996 1547 2036 illorum
1580 1997 1918 2038 substantivorum
1955 1985 2161 2038 numerum

132 2072 384 2113 temerarium
403 2076 523 2120 esset;
551 2070 688 2120 itaque
714 2068 1012 2109 dominorum
1030 2068 1280 2110 scribendum
1297 2069 1417 2122 idque
1433 2070 1490 2110 ita
1505 2070 1843 2123 interpretandum
1860 2085 1946 2113 esse
1965 2071 2162 2124 existimo,

134 2151 189 2193 ut,
217 2158 340 2197 quum
367 2142 657 2197 Segismundus
683 2140 872 2182 sacerdos
898 2139 1038 2182 fuisset
1065 2140 1175 2195 'apud
1201 2155 1312 2182 aram
1329 2140 1542 2196 Ubiorum,
1571 2143 1654 2185 sive
1679 2131 1750 2184 illa
1776 2158 1847 2184 ara
1869 2145 2058 2205 Augusto
2085 2142 2161 2193 soli

134 2218 209 2257 fuit
226 2218 421 2269 dedicata,
449 2217 532 2257 sive
550 2216 660 2267 quod
679 2213 872 2255 Suetonio
897 2219 1059 2256 auctore
1084 2214 1251 2267 (octav.
1271 2215 1318 2256 C.
1337 2216 1426 2267 52)1
1427 2216 1525 2256 mihi
1541 2215 1699 2257 videtur
1719 2217 1981 2269 probabilius,
2005 2203 2161 2257 Romae

135 2296 174 2330 et
206 2291 413 2344 Augusto,
453 2295 714 2343 tyrannorum
755 2287 913 2329 dicatur
952 2287 1160 2342 sacerdos,
1193 2302 1275 2343 qua
1308 2288 1553 2331 acerbiorem
1588 2289 1656 2331 vix
1690 2288 1902 2344 quisquam
1933 2290 2161 2346 excogitare

135 2363 262 2414 possit
288 2363 577 2401 contumeliam.
637 2362 775 2402 Simile
809 2361 1071 2414 opprobrium
1101 2363 1144 2401 in
1174 2363 1395 2402 Antonium
1424 2363 1573 2415 ingerit
1597 2362 1739 2403 Cicero
1765 2363 1871 2402 Phil.
1897 2363 1954 2403 Π.
1981 2363 2045 2402 43.
2099 2363 2161 2413 „O

135 2434 407 2476 detestabilem
440 2434 656 2485 hominem,
689 2435 771 2475 sive
806 2434 916 2485 quod
948 2421 1108 2487 tyranni
1143 2435 1331 2476 sacerdos
1358 2449 1420 2486 es,
1455 2436 1537 2477 sive
1564 2435 1673 2487 quod
1699 2436 1879 2477 mortui.“
1931 2435 2033 2476 Erat
2059 2436 2162 2476 enim

133 2507 335 2548 Antonius
362 2506 504 2548 flamen
530 2506 610 2547 divi
637 2506 835 2548 Caesaris.

1023 2644 1273 2655 mum
