2301 2915
96 233 209 270 :bem
227 232 260 267 Ξῖ·
334 228 451 270 dum
482 227 624 269 histrio
664 226 891 267 cubiculum
921 224 1124 279 principis
1135 225 1411 278 exultaverit,-
1445 224 1817 281 iodenuss¹qfflm
1827 226 2027 283 finam,
2030 229 2133 273 fid

350 302 571 342 discidium
593 300 761 352 procul:
757 299 975 338 abfuisse-‘⁶
1027 302 1032 307 '
1108 324 1111 326 -
1201 324 1204 330 ·
1290 335 1293 338 ,
2034 316 2126 339 :vo-u:

287 396 339 437 In
364 397 476 437 Med.
503 396 648 448 legitur
675 392 872 434 exultab
882 406 973 433 ero
1028 391 1162 443 Quum
1191 407 1239 433 ex
1267 393 1503 445 conjecturis
1531 407 1555 434 a
1579 394 1866 447 recentioribus
1891 394 2022 437 Taciti
2048 387 2131 438 edi-
2169 418 2171 420 v

94 470 252 511 toribus
284 470 327 511 in
358 475 513 511 textum
544 467 713 520 receptis
746 465 1047 507 exultaverit
1083 465 1289 519 indignum
1325 465 1458 507 Taciti
1497 467 1680 509 videatur
1713 468 1930 523 gravitate,
1976 469 2131 512 insul-

94 544 280 584 taverit
313 548 445 583 autem
478 555 556 581 non
589 540 685 579 satis
719 543 916 592 congruat
943 540 1052 582 mun
1055 533 1140 591 ἐκ,
1167 548 1291 590 quan
1301 533 1372 585 (Ε
1385 539 1576 581 histrione
1608 540 1678 581 illo
1710 547 1751 581 et
1782 541 1832 582 ab
1864 542 1954 596 ipso
1987 541 2129 583 Tacito

96 632 129 657 c.
158 618 228 669 36,
264 622 304 657 et
331 631 355 656 a
378 616 507 666 Dione
532 613 647 663 LX„
681 613 733 652 22
766 613 1001 661 referuntur,
1037 612 1330 659 excusationem
1367 612 1465 653 mihi
1494 629 1574 654 non
1605 614 1741 656 defore
1779 621 1899 669 puto,
1934 617 1968 657 si
2000 608 2129 661 meam

94 677 269 743 quoque,
278 677 581 741 qualiscunque
612 690 692 736 est,
727 685 777 725 de
804 685 955 725 difficili
981 684 1059 724 hoc
1084 684 1175 725 loco
1206 685 1406 738 proferam
1434 686 1697 727 sententiam.
1733 688 1981 730 Existimans
2012 690 2128 758 enim,

92 763 248 803 finalem
278 762 495 813 scripturae
522 759 609 799 cod.
638 758 748 798 Med.
767 758 940 797 litteram
968 758 1062 797 viris
1089 757 1219 798 doctis
1244 773 1323 798 non
1347 759 1470 810 tanti,
1489 760 1628 840 quanti
1653 774 1729 813 par
1752 761 1869 812 esset,
1887 762 2014 801 visam
2043 769 2128 803 esse

95 834 298 886 nomenti,
326 833 382 875 sic
409 831 659 900 scribendum
687 845 773 872 esse
801 830 991 872 arbitror:

489 925 605 977 „dum
631 924 773 965 histrio
800 923 1028 964 cubiculum
1054 923 1246 978 principis
1271 924 1454 966 misceret
1480 923 1686 967 adulterio.
1689 928 1710 948 ⁸

92 1016 229 1064 Prima
254 1020 364 1061 verbi
390 1020 618 1060 misceret
645 1019 802 1072 syllaba
819 1024 986 1072 propter
1006 1003 1305 1059 similitudinem
1330 1019 1550 1059 litterarum
1575 1020 1887 1061 antecedentium
1916 1035 1939 1061 a
1963 997 2126 1091 librarid

91 1082 207 1134 facile
231 1081 390 1147 poterat
421 1092 563 1146 omitti,
592 1097 631 1134 et
656 1107 683 1132 x
712 1098 751 1133 et
778 1095 825 1132 et
848 1106 965 1145 saepe
999 1092 1165 1147 confusa
1197 1105 1283 1132 esse
1310 1097 1476 1133 constat.
1530 1092 1704 1134 Miscere
1731 1098 1862 1133 autem
1890 1107 2007 1135 sensu
2022 1076 2127 1162 ,par-

90 1146 282 1229 ticipandi
308 1167 454 1220 legitur
480 1166 588 1206 Hist.
615 1166 691 1205 IV.
719 1167 784 1205 41.
838 1166 1073 1215 „Africanus
1101 1179 1228 1217 neque
1258 1165 1375 1205 fateri
1400 1166 1573 1205 audebat
1596 1181 1723 1218 neque
1756 1166 1942 1207 abnuere
1949 1144 2125 1223 poterat:

89 1255 131 1292 m
166 1238 332 1293 Vibium
366 1238 571 1292 Crispum,
608 1240 719 1290 cujus
752 1237 998 1290 fatigabatur
1030 1237 1426 1307 interrogationibus,
1463 1238 1569 1278 ultro
1610 1253 1845 1291 conversus,
1877 1239 2124 1304 miscendo

90 1327 194 1367 quae
246 1312 455 1353 defendere
506 1312 716 1364 nequibat,
769 1311 1010 1351 societate
1060 1309 1202 1363 culpae
1245 1295 1432 1351 invidiam
1484 1311 1730 1353 declinavit.“
1807 1312 1855 1352 cs.
1906 1303 2007 1366 Agr.
2043 1313 2122 1353 2.4

89 1390 194 1428 Ann-
222 1385 345 1438 XVI,
372 1386 439 1426 34

982 1491 1232 1499 „mm

810 1575 1003 1632 Anu.
1038 1567 1256 1641 xm
1276 1572 1409 1662 Υ41.

462 1689 691 1741 „Adjicitur
721 1667 955 1728 miraculum
994 1687 1104 1728 velut
1143 1687 1301 1728 numine
1332 1687 1528 1728 oblatum:
1561 1702 1653 1727 nam
1686 1694 1829 1730 cuncta
1863 1695 1976 1730 extra
2007 1690 2122 1730 tectis

332 1769 448 1803 tenus
476 1762 559 1803 sole
586 1762 757 1810 illustria
790 1762 918 1811 fuere;
953 1761 1062 1813 quod
1094 1760 1301 1801 moenibus
1335 1760 1588 1814 cingebatur,
1621 1762 1678 1801 ita
1711 1767 1871 1814 repente
1904 1768 1991 1802 atra
2017 1763 2122 1803 nube

333 1842 565 1889 coopertum
599 1836 905 1888 fulguribusque
946 1835 1161 1875 discretum
1194 1839 1273 1886 est,
1314 1840 1359 1874 ut
1397 1835 1513 1886 quasi
1546 1835 1833 1875 infensantibus
1873 1836 1958 1876 deis
2001 1837 2120 1877 exitio

332 1910 437 1950 tradi
465 1910 726 1950 crederetur.“
2072 1906 2092 1926 -ι
2111 1908 2118 1920 =

230 2003 233 2008 ’
268 2002 316 2044 In
344 2004 431 2045 cod.
460 2003 570 2044 Med.
599 1980 745 2056 legitur
781 2002 938 2049 tectis
974 1989 1173 2042 actenus
1208 2007 1247 2042 et
1282 2000 1410 2054 quod
1444 2007 1643 2054 repente
1674 2002 1923 2043 moenibus
1953 1990 2120 2073 'cinge-

82 2069 241 2128 batur,
270 2077 339 2117 ita
367 2083 483 2117 atra.
540 2076 707 2127 Omnia,
743 2090 845 2127 quae
874 2075 925 2114 ad
953 2080 1187 2127 corruptum
1219 2074 1325 2120 hunc
1357 2074 1489 2121 locum
1523 2075 1808 2115 emendandum
1835 2080 1988 2115 tentata
2005 2069 2118 2128 sunt,

82 2149 387 2192 commemorare
413 2151 577 2204 longum
604 2155 682 2198 est3
717 2163 796 2189 una
821 2151 975 2189 tanturn
1009 2142 1255 2200 conjectura,
1289 2147 1414 2200 eaque
1441 2148 1656 2188 maximam
1681 2163 1779 2201 prae
1813 2163 1854 2189 se
1880 2149 2009 2190 ferens
2035 2144 2119 2215 veri

83 2222 250 2274 speciem
277 2224 397 2276 digna
423 2224 537 2263 mihi
548 2224 717 2273 videtur,
746 2236 848 2274 quae
875 2221 1100 2261 accuratius
1129 2221 1383 2261 examinetur.
1422 2220 1526 2261 Sunt
1552 2222 1668 2273 enim,
1697 2220 1766 2273 qui
1797 2211 2008 2274 legendum
2033 2209 2118 2262 esse

82 2296 318 2336 existiment.
353 2303 496 2337 cuncta
529 2303 662 2349 extra,
704 2301 809 2336 tecto
855 2295 1046 2335 hactenus
1081 2294 1183 2347 sole,
1218 2300 1379 2348 repente
1413 2294 1584 2335 illustria
1609 2293 1736 2344 fuere3
1770 2294 1878 2347 quod
1912 2284 2118 2336 moenibus

81 2369 329 2421 cingebatur,
367 2371 424 2409 ita
457 2377 544 2410 atra
586 2373 683 2411 etc.“
742 2370 851 2410 Huic
890 2369 1050 2409 lectioni
1091 2369 1133 2408 id
1164 2369 1337 2421 primum
1370 2369 1472 2409 inest
1496 2369 1755 2421 incommodi,
1784 2370 1893 2422 quod
1919 2370 2119 2422 particula

80 2442 313 2482 hactenus
345 2443 440 2482 nihil
466 2458 631 2496 prorsus
658 2443 800 2495 habet,
829 2457 910 2495 quo
937 2443 1142 2500 referatur.
1199 2441 1370 2483 Constat
1388 2442 1510 2494 enim,
1538 2442 1614 2483 hoc
1640 2442 1880 2483 vocabulum
1906 2443 2116 2484 terminum

78 2517 194 2566 quasi
221 2516 466 2568 significans,
494 2532 572 2568 quo
601 2517 750 2569 aliquid
776 2518 828 2557 sit
854 2498 1130 2569 progressum,
1157 2517 1214 2556 ita
1240 2516 1319 2555 dici
1346 2516 1490 2568 solere,
1518 2522 1564 2556 ut
1591 2516 1643 2556 ad
1667 2522 1756 2556 ante
1789 2518 1872 2557 sive
1898 2517 2008 2556 dicta
2033 2517 2117 2556 sive

76 2589 184 2629 facta
208 2588 408 2641 respiciat.
463 2588 604 2641 Neque
629 2589 736 2631 ullus
760 2590 803 2630 i'n
828 2589 971 2630 Tacito
997 2589 1195 2630 invenitur
1219 2589 1345 2641 locus,
1372 2589 1442 2630 ubi
1475 2603 1500 2629 a
1526 2589 1728 2637 communi
1751 2589 1869 2642 hujus
1895 2588 2114 2641 particulae

76 2676 152 2704 unu
178 2662 404 2712 recesserin
437 2676 528 2703 nam
561 2677 681 2704 unum
706 2664 837 2716 illum,
873 2664 942 2715 qui
977 2664 1151 2716 aliquam
1186 2677 1278 2703 cum
1309 2668 1445 2704 nostro
1481 2662 1656 2704 habebat
1687 2662 1982 2704 similitudinem
2012 2663 2112 2717 Agr.
