2301 2915
1116 96 1166 148 ⁵-

869 253 1083 314 Αιιιι.1
1098 253 1241 312 ΙΙΙ.-
1279 253 1400 314 14.

487 366 602 418 „Sed
614 366 770 419 judices
787 380 859 419 per
875 368 1034 407 diversa
1050 367 1326 421 implacabiles
1343 373 1474 407 erant:
1494 367 1647 408 Caesar
1664 357 1716 408 ob
1734 367 1895 421 bellum3
1921 370 2148 422 provinciae

372 441 545 492 illatum,
565 445 745 481 >senatus
771 453 974 492 nunquam
1009 441 1108 481 satis
1142 440 1312 491 credito,
1346 442 1429 481 sine
1451 441 1604 481 ffraude
1630 440 1924 482 'Germanicum
1953 442 2146 494 interisse,

372 513 623 568 scripsissent
649 510 963 566 expostulantes3
992 511 1102 566 quod
1128 511 1237 553 haud
1264 512 1393 554 minus
1419 511 1617 566 Tiberius,
1644 509 1766 567 quam
1791 512 1889 555 Piso
1909 513 2123 557 abnuere!

308 607 426 660 Adeo
459 611 671 659 corruptus
709 611 770 647 est
800 606 865 647 h'ic
888 604 1028 659 locus,
1067 606 1158 647 inde
1187 620 1211 646 a
1235 605 1358 647 verbo
1389 607 1526 660 scrip
1535 607 1717 648 sissent
1749 615 1993 661 scensusque
2024 586 2149 650 tantis

120 663 333 737 coopertus
371 680 560 732 tenebris,
598 685 645 720 ut
682 689 885 734 nunquam
917 681 1095 720 futurum
1134 678 1221 721 esse
1252 686 1409 733 putem,
1443 681 1513 732 qui
1546 694 1684 721 verum
1715 694 1759 723 se
1781 678 1987 723 invenisse
2017 673 2147 737 possit

119 751 293 808 g'loriari.
348 752 555 807 Suspicari
579 769 681 795 vero
712 768 834 806 quum
866 754 1004 803 liceat,
1039 768 1240 807 quumque
1273 754 1314 793 in
1344 754 1500 793 lubrico
1533 754 1615 794 labi
1647 756 1778 796 minus
1805 756 1857 796 sit
1881 761 2017 808 harpe,
2050 755 2146 808 quid

119 812 214 886 mihi
255 827 306 868 de
336 827 413 867 hoc
446 827 537 868 leco
570 828 699 867 visum
731 828 784 867 sit
814 827 993 880 proferre
1025 840 1105 866 non
1139 826 1343 866 dubitabo.
1397 826 1493 866 Jam
1519 825 1697 880 primum
1730 824 1880 868 ultima
1902 824 1981 868 ma
1999 827 2145 869 verba.

120 882 248 953 quod
286 900 416 940 haud
447 901 600 940 minus
638 900 866 940 ‘s-iberius
905 913 1045 952 quam
1086 899 1202 940 Piso
1246 899 1462 941 abnuere
1493 901 1707 940 :referenda
1740 900 1840 941 mihi
1877 899 2065 943 videntur
2090 901 2148 941 ad

118 974 382 1036 suspicionem
408 966 561 1013 Romae
587 978 672 1028 tum
692 972 994 1026 pervulgatam,
1020 970 1157 1012 haud
1154 972 1284 1012 invito
1305 970 1490 1025 principe
1512 973 1699 1014 interisse
1715 970 2025 1031 Germanicum,
2051 976 2149 1034 quin

119 1053 165 1087 ea
184 1045 234 1086 de
251 1060 295 1086 re
321 1044 404 1087 sive
419 1045 558 1086 Pisoni
586 1059 610 1085 a
627 1044 803 1097 Tiberio,
836 1045 920 1085 sive
946 1044 1161 1085 Plancinae
1182 1044 1239 1084 ab
1266 1044 1455 1098 Augusta
1473 1045 1577 1085 -data
1606 1045 1729 1087 fuisse
1753 1046 1955 1088 mandata.
2010 1045 2146 1100 Hujus

118 1119 248 1159 famae
274 1125 314 1159 et
332 1118 545 1159 Suetonius
570 1119 685 1157 testis
712 1124 773 1157 est
797 1117 907 1170 (Tib.
934 1118 1005 1169 52)
1024 1123 1073 1157 vet
1093 1118 1184 1169 ipse
1192 1115 1378 1168 Tacitus,
1407 1118 1478 1168 qui
1499 1117 1725 1169 (Ann.n1.
1753 1118 1822 1170 16)
1849 1107 1964 1158 dicit:
1987 1118 2147 1159 Audire

119 1180 181 1233 me
213 1192 373 1232 memini
399 1183 456 1232 ex*
472 1191 696 1232 senioribus
729 1191 859 1231 visum
892 1190 1051 1247 saepius
1082 1190 1186 1231 inter
1211 1204 1359 1231 manus
1390 1190 1549 1230 Pisonis
1581 1190 1775 1242 libellum,
1810 1195 1930 1243 quem
1953 1190 2042 1245 ipse
2066 1179 2148 1233 non

118 1264 354 1319 vulgaverit,
382 1264 453 1306 sed
479 1265 628 1305 amicos
655 1265 738 1317 ejus
765 1259 1008 1304 dictitavisse
1033 1262 1186 1304 litteras
1208 1261 1362 1303 'Tiberii
1387 1269 1429 1304 et
1454 1263 1644 1304 mandata
1669 1264 1716 1304 -ἰιι
1734 1263 2026 1306 Germanicum
2053 1277 2148 1306 con-

118 1331 263 1391 tinere,
298 1352 346 1378 ac
378 1338 617 1379 destinatum
644 1352 830 1391 ‘promere
863 1337 972 1390 apud
997 1342 1137 1389 patres
1166 1338 1469 1390 principemque
1497 1351 1685 1391 arguere,
1720 1338 1760 1377 ni
1788 1338 1922 1379 elusus
1941 1353 1975 1378 ra
2001 1337 2147 1391 Seiano

118 1427 191 1466 pet
229 1426 333 1451 vana
373 1413 570 1464 promissa
605 1412 726 1460 foret3
766 1425 839 1451 nec
872 1411 991 1450 illum
1032 1417 1174 1463 sponte
1204 1413 1472 1462 exstinctum,
1504 1425 1647 1451 'verum
1680 1412 1858 1451 immisso
1897 1423 2144 1463 percussore.

119 1486 243 1537 (Ann.
279 1483 334 1524 Π.
367 1485 433 1537 43,
465 1484 490 1524 ‚7
495 1484 550 1536 7).
609 1483 753 1535 Neque
788 1482 963 1524 alienum
987 1482 1075 1523 hoc
1101 1482 1316 1536 quisquam
1341 1483 1494 1523 dixerit
1527 1497 1552 1522 a
1582 1483 1760 1523 moribus
1793 1481 1963 1536 Tiberii,
2002 1485 2067 1524 cui
2105 1491 2146 1525 et

117 1559 337 1599 invidiosus
364 1564 451 1597 erat
472 1557 737 1597 Germanicus
756 1556 815 1608 (Ι
841 1557 925 1608 62.)
952 1557 1004 1596 ob
1022 1557 1191 1610 gloriam
1217 1556 1322 1596 bello
1338 1562 1499 1609 partam
1526 1557 1578 1608 (Ι.
1601 1558 1665 1596 52.
1693 1556 1763 1608 H.,
1781 1557 1854 1608 26>
1881 1563 1920 1597 et
1937 1565 2146 1611 suspectus

119 1636 284 1685 propter
311 1643 503 1682 amorem,
537 1643 618 1681 quo
647 1629 857 1669 fruebatur
882 1629 916 1668 Ι,
945 1630 981 1668 7.
1008 1629 1073 1668 33.
1099 1628 1190 1680 IV„
1222 1629 1285 1671 57.
1313 1629 1384 1681 11.,
1411 1630 1475 1675 41.
1503 1628 1581 1668 ΙΠ.
1612 1629 1693 1680 10.)
1722 1629 1866 1683 populi
1898 1630 2148 1683 militumque

121 1718 218 1758 erga
250 1718 340 1745 eum
374 1704 507 1744 studia
539 1717 585 1743 eo
618 1717 746 1755 usque
766 1716 1004 1758 progressa,
1037 1708 1083 1746 ut
1109 1716 1141 1742 a
1168 1702 1366 1743 seditiosis
1386 1703 1604 1755 <imperium
1637 1703 1673 1743 ei
1699 1703 1907 1745 offerretur
1938 1705 2064 1756 (Ann.
2097 1704 2146 1756 I.‚

119 1778 183 1817 35.
210 1778 262 1817 52
291 1777 374 1828 69.)
426 1775 662 1832 Accedebat
688 1775 877 1827 Sejanus,
904 1776 992 1815 odfi
1012 1775 1226 1815 instinctor
1259 1782 1300 1815 et
1324 1777 1408 1827 jam
1436 1781 1525 1814 tum
1551 1776 1721 1816 fortasse
1746 1777 1947 1816 interitum
1979 1777 2148 1817 moliens

119 1848 242 1890 totius
274 1849 418 1889 domus
446 1848 691 1889 Germanici.
743 1847 795 1901 (Ι.
824 1848 909 1901 69.)
960 1832 1234 1889 Confirmatur
1266 1854 1399 1889 autem
1431 1848 1505 1888 ‘illa
1538 1849 1711 1902 suspicio
1743 1854 1783 1890 et
1810 1837 1962 1889 laetitia
1995 1849 2146 1890 Tiberii

120 1923 223 1965 male
248 1917 509 1973 dissimulata,
544 1935 625 1974 qua
657 1937 706 1963 ex
732 1927 860 1963 morte
892 1924 976 1975 ejus
1004 1921 1168 1964 affectus
1186 1921 1300 1976 (ΠΙ,
1328 1924 1366 1963 2.
1394 1924 1431 1963 3.
1459 1922 1534 1962 IV.
1565 1923 1607 1974 1)
1636 1929 1676 1963 et
1708 1923 1960 1975 crudelitate,
1995 1936 2078 1976 qua
2103 1924 2146 1963 in

119 1997 311 2036 familiam
345 2001 550 2049 grassatus
584 2002 662 2045 est,
704 1996 806 2035 adde
840 1996 950 2048 quod
979 1995 1078 2036 -Piso
1107 1997 1197 2049 ipse
1228 2010 1307 2035 non
1335 1996 1497 2035 dubium
1529 1995 1724 2044 habebat,
1759 2009 1802 2036 se
1828 1995 2046 2047 delectum,
2075 1998 2145 2048 qui

120 2068 262 2154 Syriae
289 2070 573 2122 imponeretur,
602 2069 653 2109 ad
681 2083 772 2122 spes
803 2068 1032 2110 Germanim‘
1053 2068 1326 2123 infringendas
1353 2069 1427 2121 (ΙΙ.
1454 2069 1519 2109 43.
1548 2069 1632 2120 82.)

308 2143 402 2182 Ηιιο
427 2143 551 2195 igitur
584 2143 618 2182 si
644 2142 840 2195 pertinere
873 2143 1086 2183 statuimus
1117 2142 1261 2182 ultima
1290 2142 1368 2181 loci
1399 2142 1524 2181 nostri
1553 2141 1691 2192 verba,
1726 2140 1934 2182 abnuere
1959 2155 2039 2194 pro
2070 2143 2145 2181 in-

118 2217 278 2257 ficiari
309 2215 460 2256 dictum
492 2220 534 2255 et
564 2215 819 2268 expostulare
852 2228 971 2255 sensu
1004 2215 1193 2268 querendi
1228 2214 1499 2267 accipiendum
1533 2220 1605 2255 est.
1660 2213 1786 2266 Cujus
1821 2214 2022 2267 objectum
2056 2230 2147 2256 sen-

59 2292 66 2298 '
118 2290 241 2329 tentia
267 2289 491 2344 continetur
516 2288 683 2328 relativa
710 2288 762 2328 ad
779 2288 967 2328 omissum
993 2301 1210 2342 pronomen
1236 2287 1284 2326 id
1310 2286 1526 2327 referenda.
1581 2285 1774 2327 Similiter
1798 2287 1877 2328 hoc
1897 2288 2024 2329 verbo
2051 2301 2151 2331 uns

119 2370 180 2403 est
220 2363 387 2403 Tacitus
418 2363 525 2402 Ann.
557 2362 657 2401 XV.
685 2363 722 2401 5.
788 2362 926 2412 „Misit
964 2362 1017 2401 ad
1049 2362 1296 2414 Vologesen,
1342 2362 1411 2411 qui
1451 2375 1500 2399 ex
1539 2361 1765 2412 postularet
1802 2363 1884 2400 vim
1916 2364 2149 2421 provinciae

119 2434 280 2476 illatam.
335 2433 414 2480 His
446 2434 675 2487 Praemissis
707 2434 774 2474 via
807 2434 922 2486 quasi
955 2433 1053 2474 mihi
1087 2433 1245 2474 videtur
1277 2433 1448 2485 munita,
1484 2446 1566 2485 qua
1597 2433 1697 2474 satis
1729 2433 1952 2487 probabilis
1982 2435 2148 2476 inveniri

118 2508 246 2560 possit
273 2520 428 2554 sensus3
456 2512 565 2547 totus
590 2507 705 2547 locus
730 2507 789 2546 ita
813 2507 911 2546 mihi
936 2506 1093 2546 videtur
1119 2505 1376 2546 scribendus:

502 2599 614 2651 „Sed
660 2600 814 2653 judices
857 2615 930 2654 per
982 2601 1139 2640 diversa
1182 2599 1457 2652 implacabiles
1501 2606 1633 2641 erant:
1692 2600 1846 2643 Caesar
1897 2602 1948 2643 ab
2000 2603 2146 2643 bellum

328 2709 331 2711 .
369 2674 596 2729 provinciae
621 2673 792 2726 illatum,
826 2680 987 2723 senatus
1012 2685 1222 2727 ‚nunquam
1248 2674 1346 2716 satis
1373 2674 1544 2726 credito,
1577 2675 1661 2717 sine
1691 2676 1832 2719 fraude
1865 2675 2148 2718 Germanicum
