2301 2915
1116 67 1168 116 ει

128 226 277 280 (ιω.
299 226 384 267 {v
396 223 1140 278 ωιιριιι-ιιῑιιιιιιοηιιν
1173 227 1210 277 1,
1238 225 1284 265 8·
1318 212 2160 279 ειιιῑιιιμωιᾳ-ῑριιιιιῑιιιιοοιηοιιιώ

129 300 365 352 uctoritas,
391 300 427 341 ni
452 298 580 340 omnis
596 299 637 340 in
664 296 873 339 subeundo
896 299 1057 351 negotio
1085 298 1259 365 suspicio
1282 298 1463 339 sordium
1492 297 1666 339 abfuerit
1681 298 1786 339 etc-‘¹
1812 301 1827 316 ’-

1015 424 1191 435 wmeee
1193 425 1261 435 ‘ra-1

834 544 838 547 ’
876 532 1067 590 Ama.
1105 531 1240 589 xl.
1276 530 1409 590 23.

506 661 601 710 „An
627 671 769 711 parum
796 656 905 710 quod
922 656 1068 697 Veneti
1093 660 1133 696 et
1149 655 1340 696 Insubres
1357 655 1509 696 curiam
1525 656 1750 710 irruperint,
1778 656 1854 697 nisi
1870 662 2008 698 coetu·
2025 634 2159 715 alieni:

381 746 584 786 genarum,
611 731 720 771 velut
745 731 969 783 captivitas,
994 729 1240 770 inferamr?“

318 835 455 889 Quum
472 836 652 877 codicum
668 835 787 877 lectio
806 835 1066 889 captivitas
1082 834 1343 888 probabiliter
1359 835 1427 875 vix
1445 835 1574 888 possit
1591 834 1760 888 defendi,
1778 836 1828 888 ei,
1846 835 1918 890 qui
1936 837 2164 889 conjecturs

131 912 262 951 locum
301 910 507 950 emendare
539 909 789 963 aggreditur,
823 909 867 948 id
896 908 1068 961 primum
1110 908 1195 948 erit
1222 908 1454 959 videndum,
1495 913 1629 956 utrum
1667 909 1868 961 particula
1900 909 2019 960 nisi,
2058 923 2163 962 quae

130 989 356 1036 sequentem
383 984 505 1039 priori
538 983 712 1022 adnectit
744 982 1070 1032 enuntiationem,
1103 982 1184 1020 vim
1209 981 1357 1026 habeat
1380 982 1588 1033 ironicam,
1623 996 1727 1034 quae
1753 982 1958 1028 Walthcri
1989 989 2031 1024 et
2055 982 2162 1034 Gute

128 1057 262 1098 manni
287 1061 349 1098 est
374 1056 584 1107 sententia,
614 1070 664 1095 an
690 1060 784 1108 post
809 1054 933 1095 verba
958 1068 1125 1106 parum
1159 1059 1234 1094 est
1264 1054 1322 1094 ita
1349 1054 1401 1094 sit
1425 1054 1570 1106 posita,
1596 1060 1643 1094 ut
1669 1055 1860 1099 ascendat
1884 1056 2015 1096 oratio
2042 1055 2096 1103 ad
2121 1038 2163 1095 id

129 1122 238 1182 {lund
264 1128 427 1168 nimium
454 1134 525 1169 est.
579 1127 610 1166 J
613 1142 676 1167 am
711 1141 804 1168 vero
832 1127 866 1167 si
892 1126 1068 1180 singulas
1099 1127 1306 1179 utriusque
1333 1129 1548 1167 sententiae
1574 1132 1710 1180 partes
1741 1128 1966 1169 accuratius
1990 1129 2095 1169 inter
2120 1142 2162 1169 se

130 1195 362 1253 contuleris,
396 1202 436 1241 in
468 1202 687 1254 posteriore
720 1200 816 1240 nihil
849 1201 932 1241 fere
965 1200 1157 1251 invenies,
1191 1200 1301 1252 quod
1333 1214 1413 1240 non
1446 1200 1498 1240 ad
1530 1201 1703 1253 priorem
1727 1215 1891 1254 quoque
1916 1207 2010 1254 apte
2035 1201 2165 1256 possit

131 1274 279 1314 referri.
334 1274 443 1313 Nam
478 1274 718 1325 alienigenae
752 1274 870 1312 ctiam
902 1272 1093 1317 Insubres
1127 1278 1240 1312 erant
1266 1278 1307 1312 et
1332 1273 1495 1321 Veneti,
1530 1279 1570 1312 et
1601 1273 1641 1311 in
1668 1273 1865 1313 vocabulo
1892 1279 2059 1314 coetus
2083 1288 2162 1313 non

131 1361 180 1387 en
204 1347 254 1387 in‘
272 1352 333 1387 est
364 1345 626 1387 multitudinis
657 1345 910 1399 significatio,
944 1350 990 1385 ut
1020 1360 1101 1386 non
1132 1344 1275 1386 horum
1302 1360 1462 1398 quoque
1496 1346 1576 1386 dici
1607 1347 1784 1399 potuerit
1809 1352 1947 1388 coetus
1973 1347 2163 1401 irrupisse

131 1421 300 1470 curiam3
329 1421 595 1473 irrumpere
622 1424 753 1460 autem
786 1419 896 1459 haud
926 1419 1056 1459 minus
1082 1419 1226 1459 hostile
1260 1419 1357 1471 quid
1384 1419 1580 1472 significat
1605 1433 1727 1471 quam
1752 1419 1933 1460 inferri.
1987 1419 2161 1461 Tantum

131 1495 253 1547 igitur
279 1494 409 1545 abest,
444 1499 491 1533 ut
517 1493 705 1533 ascendat
730 1493 858 1533 oratio
888 1492 939 1532 ad
961 1494 1089 1545 majus
1117 1493 1269 1545 aliquid
1294 1494 1548 1545 graviusque,
1575 1499 1621 1533 ut
1647 1493 1781 1532 omnia
1805 1493 1897 1534 inde
1923 1508 1950 1533 a
1965 1494 2164 1546 particula

131 1567 226 1607 nisi
254 1566 401 1616 addita,
428 1566 537 1606 nullo
565 1580 703 1606 sensus
720 1565 954 1620 detrimento
979 1565 1134 1619 possint
1151 1565 1302 1607 abesse.
1355 1564 1471 1606 Haec
1498 1566 1532 1606 si
1558 1571 1666 1606 recte
1692 1571 1786 1607 sunt
1809 1565 2027 1620 disputata,
2053 1567 2163 1621 prior

132 1641 204 1683 illa
244 1640 519 1691 amplectenda
564 1640 640 1679 erit
677 1627 898 1691 particulae
936 1639 1031 1678 nisi
1061 1623 1328 1691 significatiO,
1369 1644 1558 1690 totusque
1602 1639 1717 1678 locus
1762 1641 1819 1679 sic
1865 1640 1962 1678 mihi
2007 1640 2163 1680 videtur

134 1711 448 1754 constituendus:

471 1805 568 1857 „nisi
594 1810 731 1845 coetus
759 1804 1080 1859 alienigenarum,
1107 1804 1216 1846 velut
1242 1805 1403 1860 captivi,
1430 1806 1577 1847 invitus
1603 1806 1827 1847 inferam!

135 1901 270 1953 Quum
298 1901 486 1954 irrupisse
520 1915 589 1941 eos
623 1900 816 1941 dixissent
841 1900 1012 1953 curiam,
1046 1901 1072 1941 i.
1100 1915 1133 1941 e.
1161 1906 1352 1953 tanquam
1379 1901 1529 1955 impetu
1554 1901 1662 1942 facto
1690 1901 1865 1942 claustra
1889 1901 1959 1941 illa
1983 1901 2164 1957 fregisse,

134 1989 238 2030 quae
255 1974 493 2029 alienigenas
520 1989 545 2014 a
571 1974 684 2014 curia
709 1979 901 2027 arcerent,
923 1975 1008 2027 jam
1026 1988 1069 2015 se
1093 1974 1171 2028 ipsi
1195 1975 1312 2028 quasi
1330 1975 1532 2029 corrigunt
1557 1974 1802 2028 adduntque:
1829 1975 1905 2016 nisi
1927 1976 2021 2030 quis
2040 1975 2164 2028 dicat,

134 2049 176 2090 id
192 2048 310 2102 ¹quod
336 2062 451 2089 nemo
479 2062 599 2089 sanus
625 2048 783 2100 dixerit,
809 2048 956 2089 invitos
981 2048 1092 2088 velut
1118 2050 1299 2102 captivos
1324 2049 1459 2089 inferri
1486 2049 1732 2104 alienigenas.
1776 2047 1898 2100 Quod
1925 2063 2021 2090 vero
2042 2063 2165 2091 voc·-

134 2123 272 2164 bulum
299 2123 572 2177 captivitas
602 2123 644 2162 in
677 2123 871 2175 captivi
902 2123 1088 2163 invitus
1120 2128 1315 2163 mutatum
1342 2129 1420 2175 est,
1454 2123 1496 2162 id
1520 2137 1600 2163 non
1624 2124 1682 2163 ita
1706 2129 1853 2164 temere
1878 2123 2029 2164 fact-nn
2054 2124 2167 2165 vide-

135 2196 262 2249 bitur,
298 2197 331 2236 si
364 2196 631 2250 reputaveris,
663 2210 690 2235 n
722 2195 894 2236 litteram
926 2196 966 2236 in
999 2195 1112 2237 libris
1143 2210 1264 2236 manu
1298 2196 1456 2249 scriptis
1483 2195 1628 2237 lineola
1658 2197 1967 2251 suprascripta
1998 2197 2169 2239 indicari

82 2271 89 2276 “
135 2258 262 2311 dolere
286 2269 456 2322 ideoque
482 2283 601 2323 saepe
626 2269 766 2309 omitti.

888 2471 1077 2529 Ann-
1114 2470 1248 2529 xl.
1285 2468 1419 2529 28.

513 2595 666 2650 ‚Igitur
689 2595 833 2637 domus
857 2596 1049 2650 principis
1074 2596 1338 2645 inhorruerat3
1372 2596 1625 2650 maximeque
1649 2610 1756 2651 quos
1780 2611 1905 2652 penes
1927 2599 2107 2651 potenti·
2129 2604 2173 2640 ὠ

391 2670 431 2711 ai-
456 2683 520 2712 ren
536 2672 539 2675 '
553 2675 799 2711 verterentur
824 2670 1015 2723 formido,
1046 2684 1126 2710 non
1153 2671 1238 2723 jam
1269 2671 1435 2712 secretis
1466 2670 1697 2725 alloquiis,
1730 2672 1803 2715 sed
1828 2678 1967 2727 aperte
1989 2672 2170 2726 fimus,

1888 2747 1915 2788 2
