2301 2915
101 243 722 309 &alofrwuxiuffiitmsrofflq
748 248 802 284 ιιιτ
819 242 1130 286 haetenusrde
1146 243 1236 284 loco
1263 243 1317 284 sit
1341 240 1661 296 intelligendum:
1677 266 1683 280 a
1702 240 2006 301 Deme-inu·
2021 239 2125 296 niba}

99 321 258 360 videtur
282 318 537 369 miraculum,
556 319 601 357 si
597 316 1064 368 mpesmemfflam
1051 331 1095 356 ιιι
1118 316 1292 355 urbem·
1280 311 1807 366 meseum-,sele
1825 315 1910 365 jam
1935 321 2032 354 unte
2053 313 2128 355 ob*

102 397 274 433 scutato.
327 390 406 432 His
424 390 555 432 causis
583 388 781 453 adductus
806 388 864 430 sic
890 388 1102 445 legendum
1129 402 1216 430 esse
1242 393 1362 442 puto·

477 499 601 536 „nam
629 488 773 524 cuncta
803 488 918 525 extra
950 483 1067 524 tectis
1105 483 1281 524 accensis
1309 483 1391 524 sole
1423 451 1595 524 illustria
1626 481 1756 534 fuere,
1782 480 1900 534 quod
1918 481 2123 561 moenibus

411 557 414 560 ’
440 556 442 559 ’
478 546 723 638 cingebatur,
751 559 910 610 repente
936 557 994 596 ita
1021 561 1110 595 atra
1136 556 1241 596 nube
1268 557 1365 595 etc.“

99 638 166 704 Ita
180 659 372 713 servatur
396 634 486 709 cod⁴
521 649 632 704 Med·
661 653 858 710 scriptura
882 653 1029 693 tectis
1063 657 1103 692 et
1128 657 1374 702 removetur,
1403 650 1511 703 quod
1543 651 1622 690 hoc
1648 649 1809 702 quidem
1826 649 1935 710 vloco¹
1951 646 2124 690 fficivix

99 730 244 786 potest,
271 725 503 782 hactenus
531 730 570 765 et
582 719 746 776 ¹additur
772 725 880 777 quod
905 726 1029 765 miror
1048 725 1242 784 neminem
1261 724 1392 763 adhuc
1417 723 1719 776 desideravisse,
1741 722 1935 775 temporis
1959 723 2125 780 notatio,

101 797 180 855 quo
207 798 441 857 miraculum
459 797 622 858 exstitit,
647 796 672 837 i.
701 812 734 837 e.
762 812 808 838 eo
834 798 923 851 ipse
949 804 1142 850 tem-pore,
1168 811 1248 849 quo
1275 798 1380 850 ignis
1406 797 1523 836 tectis
1540 802 1600 836 est
1623 796 1837 836 immissus.
1880 793 2125 855 Particultm

24 866 37 876 ²
99 873 171 913 ita
204 877 335 911 autem
367 876 579 924 propterea
613 876 703 911 ante
738 862 842 910 atra
873 870 1098 923 ponendam
1132 884 1218 910 esse
1248 870 1407 922 putavi,
1444 869 1553 921 quod
1587 883 1635 910 ea
1668 874 1729 910 est
1756 867 1939 929 adverbii
1963 867 2125 925 repente

100 944 353 1011 significatio,
394 949 439 983 ut
478 943 553 1001 tali
587 958 667 982 non
707 948 821 997 egeat
854 943 1135 983 additamento.
1167 990 1169 992 q
1196 943 1246 982 cf.
1278 943 1386 981 Ann
1425 941 1548 982 XIII.
1593 941 1769 981 17.1n
1809 955 1952 994 campo
1992 945 2125 980 tamen

98 1006 245 1058 Martis
278 1007 478 1069 sepultus
491 1022 551 1059 est
569 1014 911 1069 (Brittannicus),
953 1016 1052 1057 adeo
1091 1016 1261 1057 turbidis
1306 1015 1520 1068 imbribus,
1553 1021 1598 1055 ut
1636 1015 1783 1068 vulgus
1818 1016 1922 1054 iram
1959 1008 2126 1088 deorum

98 1084 286 1143 portendi
306 1082 529 1166 erediderit.
531 1091 555 1112 “
1366 1095 1373 1103 ’

985 1196 1237 1205 masaaeaeaem

841 1283 1035 1347 Διιιι.
1070 1281 1281 1347 XIV.
1319 1287 1381 1347 ἴ.

540 1404 672 1454 ,,Τιιιιι
709 1418 860 1457 pavore
900 1404 1110 1456 exanimis,
1151 1409 1190 1443 et
1224 1405 1308 1455 jam
1335 1405 1498 1455 jamque
1534 1403 1657 1442 affore
1693 1403 1894 1443 abtestans
1925 1403 2125 1443 vindictae

350 1492 576 1530 properam,
603 1478 686 1518 sive
714 1477 874 1518 servitia
902 1483 1092 1529 arm-aret,
1125 1477 1190 1518 vel
1216 1477 1378 1517 militem
1406 1477 1657 1528 accenderet,
1685 1477 1769 1517 sive
1797 1476 1848 1516 ad
1875 1481 2056 1517 senatum
2083 1482 2122 1517 et

349 1550 542 1602 populum
568 1550 820 1602 pervaderet,
853 1550 1104 1607 naufragium
1140 1556 1179 1590 et
1211 1550 1354 1590 vulnus
1383 1556 1423 1590 et
1455 1550 1683 1590 interfectos
1711 1550 1859 1589 amicos
1885 1549 2120 1602 objiciendo,

351 1624 458 1674 quod
492 1629 631 1662 contra
663 1623 883 1663 subsidium
911 1623 1003 1675 sibi,
1037 1623 1113 1663 nisi
1147 1623 1243 1675 quid
1275 1623 1431 1662 Burrus
1459 1628 1498 1662 et
1531 1622 1685 1663 Seneca
1711 1622 1964 1680 expedirent?
2007 1621 2122 1672 Quos

351 1696 487 1736 statim
514 1695 728 1748 acciverat,
750 1696 944 1736 incertum
972 1710 1022 1736 an
1049 1701 1088 1737 et
1116 1702 1204 1736 ante
1231 1696 1431 1749 ἰςιιιιιῸεέ6

286 1799 333 1839 ln
361 1800 543 1841 omnibus
578 1801 690 1841 libris
715 1800 878 1855 legitur:
910 1800 1151 1841 incertum
1183 1806 1222 1840 et
1257 1806 1364 1841 ante
1396 1801 1610 1854 ignaros.
1660 1799 1755 1839 Jam
1783 1800 2007 1853 quaeritur,
2038 1809 2124 1853 qno

98 1888 214 1914 sensu
253 1874 451 1926 particula
484 1881 531 1914 ει
568 1876 620 1915 sit
652 1875 894 1927 accipienda.
947 1874 1030 1913 Pro
1059 1875 1200 1914 etiam
1233 1875 1444 1925 quominus
1475 1875 1646 1926 positam
1679 1888 1767 1914 esse
1800 1879 2043 1926 statuamus,
2077 1881 2123 1913 ut

96 1948 290 1987 referatur
318 1947 373 1987 ad·
394 1961 528 1999 unum,
557 1948 667 1999 quod
684 1949 864 2000 proxime
882 1948 1074 2000 sequitur,
1103 1947 1334 1987 adverbium
1361 1954 1470 1988 ante
1496 1948 1560 1998 (ut
1576 1947 1683 1987 Hist.
1701 1947 1780 1998 III,
1808 1947 1899 1998 72)2
1923 1949 2123 1998 „Arsertt

97 2025 137 2060 et
163 2025 255 2060 ante
270 2018 512 2072 Capitolium
541 2020 649 2060 civili
674 2020 792 2073 bello,
821 2021 892 2061 sed
908 2021 1048 2061 fraude
1065 2021 1264 2073 privata-st
1289 2021 1375 2073 ipse
1402 2021 1523 2061 totius
1549 2021 1628 2060 loci
1653 2020 1818 2073 impedit
1843 2032 2006 2070 sensus;
2029 2034 2122 2060 nam

95 2093 166 2144 qui
191 2096 306 2132 nunc·
321 2093 452 2145 ignari
468 2106 547 2132 non
572 2094 730 2145 fuerint,
758 2094 836 2133 dici
863 2108 942 2133 non
963 2094 1137 2146 'possunt
1162 2095 1277 2134 etiam
1307 2099 1396 2133 ante
1422 2094 1543 2133 fuisse
1567 2094 1708 2146 ignari.
1760 2093 1963 2133 Waltheri
1990 2100 2125 2134 autem

94 2167 379 2220 interpretatio,
408 2167 478 2219 qui
504 2173 549 2208 et
576 2167 627 2207 ad
653 2164 864 2219 utramque
880 2181 1020 2208 vocem
1048 2173 1274 2220 sequentem
1292 2167 1487 2220 pertinere
1514 2172 1552 2207 et
1579 2166 1699 2207 verba
1727 2173 1817 2207 ante
1843 2159 2013 2220 ignaros<
2030 2177 2125 2209 cm

57 2280 64 2286 ,
93 2239 180 2280 illis·-
199 2240 363 2280 statim
377 2241 578 2281 =aocit0-s
605 2242 841 2293 conjungere
860 2246 1005 2290 censet,
1023 2246 1236 2293 propterea
1260 2240 1355 2279 mihi
1373 2239 1527 2279 videtur
1543 2239 1823 2292 improbanda,
1848 2241 1974 2293 quod,
1998 2250 2125 2293 quum

93 2311 760 2367 imlduae‘quasbconjungantur
793 2309 1028 2366 sententiae,
1067 2314 1315 2354 acciverat
1355 2327 1438 2353 eos
1478 2313 1646 2353 statim
1678 2319 1718 2353 et
1751 2314 2126 2356 acciveratante

93 2387 295 2440 ign-aros
306 2387 485 2427 formula
510 2388 746 2428 incertum
764 2402 838 2440 an,
868 2402 970 2440 quae
992 2388 1101 2428 haud
1126 2388 1244 2428 dubie
1271 2387 1321 2426 ad
1338 2387 1598 2440 posteriorem
1614 2388 1787 2440 pertinet
1804 2389 2128 2441 enuntiationem,

92 2473 195 2501 ιοιι
193 2462 413 2514 praeponi,
446 2462 517 2502 sed
556 2462 743 2515 postponi
775 2461 948 2502 debebat
980 2461 1200 2515 particulae
1231 2460 1502 2513 copulativae,
1544 2461 1595 2501 cf.
1629 2463 1737 2503 Ann.
1771 2460 1852 2503 XI.
1889 2463 1951 2503 18.
1985 2475 2137 2516 „qum

91 2533 230 2574 nimia
238 2540 279 2575 et
295 2535 497 2580 incertum
525 2550 576 2575 an
601 2536 704 2576 falso
726 2537 840 2588 jacta
856 2536 1046 2589 originem
1072 2530 1204 2575 tamen
1229 2546 1250 2574 e
1278 2535 1488 2575 severitate
1510 2535 1625 2576 ducis
1653 2541 1823 2577 traxere
1822 2537 1850 2558 ‘⁴
1904 2536 2048 2577 Cicero
2074 2529 2129 2576 de

93 2611 236 2648 nuncet.
264 2619 299 2649 c.
327 2608 390 2648 20.
446 2607 741 2660 „Moriendum
766 2608 870 2663 enim
892 2613 1010 2649 certe
1042 2612 1121 2655 εει,
1148 2612 1194 2648 et
1225 2607 1268 2647 id
1293 2607 1490 2649 incertum
1521 2621 1573 2649 an
1606 2616 1654 2650 eo
1691 2609 1782 2662 ipso
1815 2609 1890 2651 die.
1900 2609 1926 2631 “
1984 2607 2123 2661 Quum

91 2678 222 2734 ignau-
245 2687 294 2722 et
317 2681 395 2722 hoe
422 2681 584 2735 quidem
609 2682 700 2727 loco
725 2697 800 2736 pro
824 2682 968 2723 etiam
1003 2681 1128 2735 accipi
1155 2687 1347 2734 nequeat,
1382 2681 1461 2722 alia
1486 2688 1620 2724 autem
1652 2689 1701 2724 ιιι
1724 2684 1945 2737 explicetur
1969 2684 2124 2724 ratione

1816 2758 1869 2799 2.
